@article{han2014high,
  title={High dimensional semiparametric scale-invariant principal component analysis},
  author={Han, Fang and Liu, Han},
  journal={IEEE transactions on pattern analysis and machine intelligence},
  volume={36},
  number={10},
  pages={2016--2032},
  year={2014},
  publisher={IEEE}
}

@inproceedings{han2013principal,
  title={Principal component analysis on non-Gaussian dependent data},
  author={Han, Fang and Liu, Han},
  booktitle={International Conference on Machine Learning},
  pages={240--248},
  year={2013}
}

@article{liu2012nonparanormal,
  title={The nonparanormal skeptic},
  author={Liu, Han and Han, Fang and Yuan, Ming and Lafferty, John and Wasserman, Larry},
  journal={arXiv preprint arXiv:1206.6488},
  year={2012}
}

@article{ruschendorf2013mathematical,
  title={Mathematical risk analysis},
  author={R{\"u}schendorf, Ludger},
  journal={Springer Ser. Oper. Res. Financ. Eng. Springer, Heidelberg},
  year={2013},
  publisher={Springer}
}

@article{higham2002computing,
  title={Computing the nearest correlation matrixâ€”a problem from finance},
  author={Higham, Nicholas J},
  journal={IMA journal of Numerical Analysis},
  volume={22},
  number={3},
  pages={329--343},
  year={2002},
  publisher={OUP}
}